@article{resnick1997recommender,
  title={Recommender systems},
  author={Resnick, Paul and Varian, Hal R},
  journal={Communications of the ACM},
  volume={40},
  number={3},
  pages={56--59},
  year={1997},
  publisher={Association for Computing Machinery, Inc.}
}

@inproceedings{resnick1994grouplens,
  title={GroupLens: an open architecture for collaborative filtering of netnews},
  author={Resnick, Paul and Iacovou, Neophytos and Suchak, Mitesh and Bergstrom, Peter and Riedl, John},
  booktitle={Proceedings of the 1994 ACM conference on Computer supported cooperative work},
  pages={175--186},
  year={1994},
  organization={ACM}
}

@article{linden2003amazon,
  title={Amazon. com recommendations: Item-to-item collaborative filtering},
  author={Linden, Greg and Smith, Brent and York, Jeremy},
  journal={IEEE Internet computing},
  number={1},
  pages={76--80},
  year={2003},
  publisher={IEEE}
}

@article{adomavicius2005toward,
  title={Toward the next generation of recommender systems: A survey of the state-of-the-art and possible extensions},
  author={Adomavicius, Gediminas and Tuzhilin, Alexander},
  journal={IEEE Transactions on Knowledge \& Data Engineering},
  number={6},
  pages={734--749},
  year={2005},
  publisher={IEEE}
}

@article{koren2009matrix,
  title={Matrix factorization techniques for recommender systems},
  author={Koren, Yehuda and Bell, Robert and Volinsky, Chris},
  journal={Computer},
  number={8},
  pages={30--37},
  year={2009},
  publisher={IEEE}
}

@inproceedings{rendle2009bpr,
  title={BPR: Bayesian personalized ranking from implicit feedback},
  author={Rendle, Steffen and Freudenthaler, Christoph and Gantner, Zeno and Schmidt-Thieme, Lars},
  booktitle={Proceedings of the twenty-fifth conference on uncertainty in artificial intelligence},
  pages={452--461},
  year={2009},
  organization={AUAI Press}
}

@inproceedings{cheng2016wide,
  title={Wide \& deep learning for recommender systems},
  author={Cheng, Heng-Tze and Koc, Levent and Harmsen, Jeremiah and Shaked, Tal and Chandra, Tushar and Aradhye, Hrishi and Anderson, Glen and Corrado, Greg and Chai, Wei and Ispir, Mustafa and others},
  booktitle={Proceedings of the 1st workshop on deep learning for recommender systems},
  pages={7--10},
  year={2016},
  organization={ACM}
}

@article{guo2017deepfm,
  title={DeepFM: a factorization-machine based neural network for CTR prediction},
  author={Guo, Huifeng and Tang, Ruiming and Ye, Yunming and Li, Zhenguo and He, Xiuqiang},
  journal={arXiv preprint arXiv:1703.04247},
  year={2017}
}

@inproceedings{hu2008collaborative,
  title={Collaborative filtering for implicit feedback datasets},
  author={Hu, Yifan and Koren, Yehuda and Volinsky, Chris},
  booktitle={2008 Eighth IEEE International Conference on Data Mining},
  pages={263--272},
  year={2008},
  organization={Ieee}
}

@inproceedings{steck2010training,
  title={Training and testing of recommender systems on data missing not at random},
  author={Steck, Harald},
  booktitle={Proceedings of the 16th ACM SIGKDD international conference on Knowledge discovery and data mining},
  pages={713--722},
  year={2010},
  organization={ACM}
}

@inproceedings{ren2012efficient,
  title={The efficient imputation method for neighborhood-based collaborative filtering},
  author={Ren, Yongli and Li, Gang and Zhang, Jun and Zhou, Wanlei},
  booktitle={Proceedings of the 21st ACM international conference on Information and knowledge management},
  pages={684--693},
  year={2012},
  organization={ACM}
}

@article{zhang2019addressing,
  title={Addressing Complete New Item Cold-Start Recommendation: A Niche Item-Based Collaborative Filtering via Interrelationship Mining},
  author={Zhang, Zhi-Peng and Kudo, Yasuo and Murai, Tetsuya and Ren, Yong-Gong},
  journal={Applied Sciences},
  volume={9},
  number={9},
  pages={1894},
  year={2019},
  publisher={Multidisciplinary Digital Publishing Institute}
}

@book{2012推荐系统实践,
  title={推荐系统实践},
  author={项亮},
  isbn={9787115281586},
  address={北京},
  year={2012},
  publisher={人民邮电出版社}
}

@inproceedings{zhong2017survey,
  title={A survey on incremental learning},
  author={Zhong, Junwei and Liu, Zhenyan and Zeng, Yifei and Cui, Lijia and Ji, Zizheng},
  booktitle={Proceedings of the 5th International Conference on Computer, Automation and Power Electronics, Colombo, Sri Lanka},
  pages={25--27},
  year={2017}
}

@incollection{lops2011content,
  title={Content-based recommender systems: State of the art and trends},
  author={Lops, Pasquale and De Gemmis, Marco and Semeraro, Giovanni},
  booktitle={Recommender systems handbook},
  pages={73--105},
  year={2011},
  publisher={Springer}
}

@article{burke2002hybrid,
  title={Hybrid recommender systems: Survey and experiments},
  author={Burke, Robin},
  journal={User modeling and user-adapted interaction},
  volume={12},
  number={4},
  pages={331--370},
  year={2002},
  publisher={Springer}
}

@misc{funk2006netflix,
  title={Netflix update: Try this at home},
  author={Funk, Simon},
  year={2006}
}

@article{sarwar2001item,
  title={Item-based collaborative filtering recommendation algorithms.},
  author={Sarwar, Badrul Munir and Karypis, George and Konstan, Joseph A and Riedl, John and others},
  journal={Www},
  volume={1},
  pages={285--295},
  year={2001}
}

@phdthesis{卢棪2016协同过滤推荐系统研究及其应用,
  title={协同过滤推荐系统研究及其应用},
  author={卢棪},
  address={南京},
  school={南京林业大学},
  year={2016},
}

@article{gomez2016netflix,
  title={The netflix recommender system: Algorithms, business value, and innovation},
  author={Gomez-Uribe, Carlos A and Hunt, Neil},
  journal={ACM Transactions on Management Information Systems (TMIS)},
  volume={6},
  number={4},
  pages={13},
  year={2016},
  publisher={ACM}
}

@article{su2009survey,
  title={A survey of collaborative filtering techniques},
  author={Su, Xiaoyuan and Khoshgoftaar, Taghi M},
  journal={Advances in artificial intelligence},
  volume={2009},
  year={2009},
  publisher={Hindawi}
}

@inproceedings{wang2006unifying,
  title={Unifying user-based and item-based collaborative filtering approaches by similarity fusion},
  author={Wang, Jun and De Vries, Arjen P and Reinders, Marcel JT},
  booktitle={Proceedings of the 29th annual international ACM SIGIR conference on Research and development in information retrieval},
  pages={501--508},
  year={2006},
  organization={ACM}
}

@phdthesis{曾洋2017基于电商的长尾推荐的研究与实现,
  title={基于电商的长尾推荐的研究与实现},
  author={曾洋},
  address={北京},
  school={北京邮电大学},
  year={2017},
}

@inproceedings{chen2016xgboost,
  title={Xgboost: A scalable tree boosting system},
  author={Chen, Tianqi and Guestrin, Carlos},
  booktitle={Proceedings of the 22nd acm sigkdd international conference on knowledge discovery and data mining},
  pages={785--794},
  year={2016},
  organization={ACM}
}
